<record><leader>00000cas a22000007a 4500</leader><controlfield tag="001">25557037</controlfield><controlfield tag="008">920330d189219uunyuwr ne      0    0eng d</controlfield><datafield ind1=" " ind2=" " tag="010"><subfield code="a">sn 92061514 </subfield></datafield><datafield ind1=" " ind2=" " tag="040"><subfield code="a">NYS</subfield><subfield code="b">eng</subfield><subfield code="c">NYS</subfield><subfield code="d">OCLCQ</subfield></datafield><datafield ind1=" " ind2=" " tag="042"><subfield code="a">msc</subfield></datafield><datafield ind1="0" ind2="4" tag="245"><subfield code="a">The Liverpool telegraph.</subfield></datafield><datafield ind1=" " ind2=" " tag="260"><subfield code="a">Liverpool, N.Y. :</subfield><subfield code="b">W.F. Brand</subfield></datafield><datafield ind1=" " ind2=" " tag="300"><subfield code="a">v. ;</subfield><subfield code="c">58 cm.</subfield></datafield><datafield ind1=" " ind2=" " tag="310"><subfield code="a">Weekly</subfield></datafield><datafield ind1="1" ind2=" " tag="362"><subfield code="a">Began in 1892?</subfield></datafield><datafield ind1=" " ind2=" " tag="500"><subfield code="a">Publishers: Fred H. Gee, &lt;1901-1909&gt;; News Pub. Co., &lt;1927-1928&gt;.</subfield></datafield><datafield ind1=" " ind2=" " tag="500"><subfield code="a">Publisher's block gives place of publication as East Syracuse, &lt;1928&gt;.</subfield></datafield><datafield ind1=" " ind2=" " tag="588"><subfield code="a">Description based on: Vol. 2, no. 36 (Jan. 20, 1894).</subfield></datafield><datafield ind1=" " ind2=" " tag="588"><subfield code="a">Latest issue consulted: Vol. 34, no. 2 (May 25, 1928).</subfield></datafield><datafield ind1=" " ind2="4" tag="651"><subfield code="a">Liverpool (N.Y.)</subfield><subfield code="v">Newspapers.</subfield></datafield><datafield ind1=" " ind2="4" tag="651"><subfield code="a">East Syracuse (N.Y.)</subfield><subfield code="v">Newspapers.</subfield></datafield><datafield ind1=" " ind2=" " tag="752"><subfield code="a">United States</subfield><subfield code="b">New York</subfield><subfield code="c">Onondaga</subfield><subfield code="d">Liverpool.</subfield></datafield><datafield ind1=" " ind2=" " tag="752"><subfield code="a">United States</subfield><subfield code="b">New York</subfield><subfield code="c">Onondaga</subfield><subfield code="d">East Syracuse.</subfield></datafield><datafield ind1="0" ind2="7" tag="785"><subfield code="t">Liverpool review (Liverpool, N.Y.)</subfield></datafield><datafield ind1="0" ind2="7" tag="785"><subfield code="t">Liverpool review and the Liverpool telegraph</subfield><subfield code="w">(DLC)sn 92061515</subfield><subfield code="w">(OCoLC)25557176</subfield></datafield></record>